@article{belinsky2004gene,
  title={Gene-promoter hypermethylation as a biomarker in lung cancer},
  author={Belinsky, Steven A},
  journal={Nature Reviews Cancer},
  volume={4},
  number={9},
  pages={707--717},
  year={2004},
  publisher={Nature Publishing Group}
}

@article{xu2005survey,
  title={Survey of clustering algorithms},
  author={Xu, Rui and Wunsch, Donald and others},
  journal={Neural Networks, IEEE Transactions on},
  volume={16},
  number={3},
  pages={645--678},
  year={2005},
  publisher={Ieee}
}

@inproceedings{yoon2006building,
  title={Building a classifier for integrated microarray datasets through two-stage approach},
  author={Yoon, Youngmi and Lee, Jongchan and Park, Sanghyun},
  booktitle={BioInformatics and BioEngineering, 2006. BIBE 2006. Sixth IEEE Symposium on},
  pages={94--102},
  year={2006},
  organization={IEEE}
}

@inproceedings{wang2014generalized,
  title={Generalized autoencoder: A neural network framework for dimensionality reduction},
  author={Wang, Wei and Huang, Yan and Wang, Yizhou and Wang, Liang},
  booktitle={Proceedings of the IEEE Conference on Computer Vision and Pattern Recognition Workshops},
  pages={490--497},
  year={2014}
}

@article{stacklies2007pcamethods,
  title={pcaMethodsâ€”a bioconductor package providing PCA methods for incomplete data},
  author={Stacklies, Wolfram and Redestig, Henning and Scholz, Matthias and Walther, Dirk and Selbig, Joachim},
  journal={Bioinformatics},
  volume={23},
  number={9},
  pages={1164--1167},
  year={2007},
  publisher={Oxford Univ Press}
}

@book{gentleman2006bioinformatics,
  title={Bioinformatics and computational biology solutions using R and Bioconductor},
  author={Gentleman, Robert and Carey, Vincent and Huber, Wolfgang and Irizarry, Rafael and Dudoit, Sandrine},
  year={2006},
  publisher={Springer Science \& Business Media}
}

@article{shevade2003simple,
  title={A simple and efficient algorithm for gene selection using sparse logistic regression},
  author={Shevade, Shirish Krishnaj and Keerthi, S Sathiya},
  journal={Bioinformatics},
  volume={19},
  number={17},
  pages={2246--2253},
  year={2003},
  publisher={Oxford Univ Press}
}

@article{mallik2015ranwar,
  title={RANWAR: rank-based weighted association rule mining from gene expression and methylation data},
  author={Mallik, Saurav and Mukhopadhyay, Anirban and Maulik, Ujjwal},
  journal={NanoBioscience, IEEE Transactions on},
  volume={14},
  number={1},
  pages={59--66},
  year={2015},
  publisher={IEEE}
}

@article{liang2015integrative,
  title={Integrative data analysis of multi-platform cancer data with a multimodal deep learning approach},
  author={Liang, Muxuan and Li, Zhizhong and Chen, Ting and Zeng, Jianyang},
  journal={IEEE/ACM Transactions on Computational Biology and Bioinformatics (TCBB)},
  volume={12},
  number={4},
  pages={928--937},
  year={2015},
  publisher={IEEE Computer Society Press}
}

@article{hinton2006reducing,
  title={Reducing the dimensionality of data with neural networks},
  author={Hinton, Geoffrey E and Salakhutdinov, Ruslan R},
  journal={Science},
  volume={313},
  number={5786},
  pages={504--507},
  year={2006},
  publisher={American Association for the Advancement of Science}
}

@article{haggstrom2014diagram,
  title={Diagram of the pathways of human steroidogenesis},
  author={H{\"a}ggstr{\"o}m, Mikael},
  journal={Medicine},
  volume={1},
  pages={1},
  year={2014}
}

@article{fakoorusing,
  title={Using deep learning to enhance cancer diagnosis and classification},
  author={Fakoor, Rasool and Ladhak, Faisal and Nazi, Azade and Huber, Manfred},
  journal={roceedings of the International Conference on Machine Learning.},
  year={2013} 
}

@book{elloumi2011algorithms,
  title={Algorithms in computational molecular biology: techniques, approaches and applications},
  author={Elloumi, Mourad and Zomaya, Albert Y},
  volume={21},
  year={2011},
  publisher={John Wiley \& Sons}
}

@article{bandyopadhyay2014survey,
  title={A survey and comparative study of statistical tests for identifying differential expression from microarray data},
  author={Bandyopadhyay, Supriyo and Mallik, Saurav and Mukhopadhyay, Amit},
  journal={Computational Biology and Bioinformatics, IEEE/ACM Transactions on},
  volume={11},
  number={1},
  pages={95--115},
  year={2014},
  publisher={IEEE}
}

@article{babu2004introduction,
  title={Introduction to microarray data analysis},
  author={Babu, M Mwanadan},
  journal={Computational genomics: Theory and application},
  pages={225--249},
  year={2004},
  publisher={UK: Horizon Press}
}

@inproceedings{aliferis2003machine,
  title={Machine Learning Models for Classification of Lung Cancer and Selection of Genomic Markers Using Array Gene Expression Data.},
  author={Aliferis, Constantin F and Tsamardinos, Ioannis and Massion, Pierre P and Statnikov, Alexander R and Fananapazir, Nafeh and Hardin, Douglas P},
  booktitle={FLAIRS Conference},
  pages={67--71},
  year={2003}
}

@article{ramaswamy2001multiclass,
  title={Multiclass cancer diagnosis using tumor gene expression signatures},
  author={Ramaswamy, Sridhar and Tamayo, Pablo and Rifkin, Ryan and Mukherjee, Sayan and Yeang, Chen-Hsiang and Angelo, Michael and Ladd, Christine and Reich, Michael and Latulippe, Eva and Mesirov, Jill P and others},
  journal={Proceedings of the National Academy of Sciences},
  volume={98},
  number={26},
  pages={15149--15154},
  year={2001},
  publisher={National Acad Sciences}
}

@article{wang2005gene,
  title={Gene-expression profiles to predict distant metastasis of lymph-node-negative primary breast cancer},
  author={Wang, Yixin and Klijn, Jan GM and Zhang, Yi and Sieuwerts, Anieta M and Look, Maxime P and Yang, Fei and Talantov, Dmitri and Timmermans, Mieke and Meijer-van Gelder, Marion E and Yu, Jack and others},
  journal={The Lancet},
  volume={365},
  number={9460},
  pages={671--679},
  year={2005},
  publisher={Elsevier}
}

@article{nanni2012combining,
  title={Combining multiple approaches for gene microarray classification},
  author={Nanni, Loris and Brahnam, Sheryl and Lumini, Alessandra},
  journal={Bioinformatics},
  volume={28},
  number={8},
  pages={1151--1157},
  year={2012},
  publisher={Oxford Univ Press}
}





